<?xml version="1.0" encoding="UTF-8"?><collection xmlns="http://www.loc.gov/MARC21/slim"><record><leader>00361nam--2200121-i-4500</leader><controlfield tag="001">000004191</controlfield><controlfield tag="002">20161230</controlfield><controlfield tag="005">20170305185833</controlfield><controlfield tag="008">060222s1000------------r-----000-0-eng-d</controlfield><datafield ind1=" " ind2=" " tag="245"><subfield code="a">Cosmic radiation. Fifteen lectures edited by W.Heisenberg. Translated by T.H.Johnson</subfield></datafield><datafield ind1=" " ind2=" " tag="260"><subfield code="a">New York</subfield><subfield code="b">Dover Publications</subfield><subfield code="c">1946</subfield></datafield><datafield ind1=" " ind2=" " tag="300"><subfield code="a">192 p</subfield></datafield><datafield ind1=" " ind2=" " tag="CAT"><subfield code="a">SYS</subfield><subfield code="c">20170305</subfield><subfield code="h">185833</subfield></datafield></record></collection>